% thinking in java

@book{THINKING_IN_JAVA,
	author={Bruce Eckel},
	title={{T}hinking in {J}ava. {E}dycja polska. {W}ydanie {IV}},
	publisher={Helion},
	year={2006},
	address={Gliwice}
}

@article{DODAWANIE_METOD_ENUM,
	author={Bruce Eckel},
	title={{T}hinking in {J}ava. {E}dycja polska. {W}ydanie {IV}},
	publisher={Helion},
	year={2006},
	address={Gliwice},
	pages={829--830}
}

% wzorce projektowe

@book{WZORCE_PROJEKTOWE,
	author={Erich Gamma and Richard Helm and Ralph Johnson and John Vlissides},
	title={{W}zorce projektowe. {E}lementy oprogramowania obiektowego wielokrotnego użytku},
	publisher={Helion},
	year={2010},
	address={Gliwice}
}

@article{BUDOWNICZY,
	author={Erich Gamma and Richard Helm and Ralph Johnson and John Vlissides},
	title={{W}zorce projektowe. {E}lementy oprogramowania obiektowego wielokrotnego użytku},
	publisher={Helion},
	year={2010},
	address={Gliwice},
	pages={92}
}

@article{FABRYKA_ABSTRAKCYJNA,
	author={Erich Gamma and Richard Helm and Ralph Johnson and John Vlissides},
	title={{W}zorce projektowe. {E}lementy oprogramowania obiektowego wielokrotnego użytku},
	publisher={Helion},
	year={2010},
	address={Gliwice},
	pages={102}
}

@article{METODA_WYTWORCZA,
	author={Erich Gamma and Richard Helm and Ralph Johnson and John Vlissides},
	title={{W}zorce projektowe. {E}lementy oprogramowania obiektowego wielokrotnego użytku},
	publisher={Helion},
	year={2010},
	address={Gliwice},
	pages={110}
}

@article{SINGLETON,
	author={Erich Gamma and Richard Helm and Ralph Johnson and John Vlissides},
	title={{W}zorce projektowe. {E}lementy oprogramowania obiektowego wielokrotnego użytku},
	publisher={Helion},
	year={2010},
	address={Gliwice},
	pages={130}
}

@article{FASADA,
	author={Erich Gamma and Richard Helm and Ralph Johnson and John Vlissides},
	title={{W}zorce projektowe. {E}lementy oprogramowania obiektowego wielokrotnego użytku},
	publisher={Helion},
	year={2010},
	address={Gliwice},
	pages={161}
}

@article{KOMPOZYT,
	author={Erich Gamma and Richard Helm and Ralph Johnson and John Vlissides},
	title={{W}zorce projektowe. {E}lementy oprogramowania obiektowego wielokrotnego użytku},
	publisher={Helion},
	year={2010},
	address={Gliwice},
	pages={170}
}

@article{METODA_SZABLONOWA,
	author={Erich Gamma and Richard Helm and Ralph Johnson and John Vlissides},
	title={{W}zorce projektowe. {E}lementy oprogramowania obiektowego wielokrotnego użytku},
	publisher={Helion},
	year={2010},
	address={Gliwice},
	pages={264}
}

@article{OBSERWATOR,
	author={Erich Gamma and Richard Helm and Ralph Johnson and John Vlissides},
	title={{W}zorce projektowe. {E}lementy oprogramowania obiektowego wielokrotnego użytku},
	publisher={Helion},
	year={2010},
	address={Gliwice},
	pages={269}
}

@article{POLECENIE,
	author={Erich Gamma and Richard Helm and Ralph Johnson and John Vlissides},
	title={{W}zorce projektowe. {E}lementy oprogramowania obiektowego wielokrotnego użytku},
	publisher={Helion},
	year={2010},
	address={Gliwice},
	pages={302}
}

@article{STRATEGIA,
	author={Erich Gamma and Richard Helm and Ralph Johnson and John Vlissides},
	title={{W}zorce projektowe. {E}lementy oprogramowania obiektowego wielokrotnego użytku},
	publisher={Helion},
	year={2010},
	address={Gliwice},
	pages={321}
}

% zasady programowania

@misc{DRY,
	title={{O}rthogonality and the {DRY} {P}rinciple},
	howpublished="\url{http://www.artima.com/intv/dry.html}"
}

@misc{OOD,
	title={{P}rinciples of {OOD}},
	howpublished="\url{http://www.butunclebob.com/ArticleS.UncleBob.PrinciplesOfOod}"
}

% terminacja

@misc{JAVA_TERMINACJA,
	title={{O}racle's {B}ug database},
	howpublished="\url{http://bugs.sun.com/bugdatabase/view_bug.do?bug_id=4770092}"
}

@misc{LINUX_TERMINACJA,
	title={kill(1) - {L}inux man page},
	howpublished="\url{http://linux.die.net/man/1/kill}"
}

@misc{WINDOWS_TERMINACJA,
	title={{T}askkill},
	howpublished="\url{http://technet.microsoft.com/en-us/library/bb491009.aspx}"
}

% uprawnienia

@misc{LINUX_UPRAWNIENIA,
	title={pkexec. polkit {R}eference {M}anual},
	howpublished="\url{http://www.freedesktop.org/software/polkit/docs/0.105/pkexec.1.html}"
}

@misc{JAVA_VISTA_UPRAWNIENIA,
	title={{O}racle's {B}ug database},
	howpublished="\url{http://bugs.sun.com/bugdatabase/view_bug.do?bug_id=6531735}",
	year={2010},
	month={July}
}

@misc{MS_VISTA_UPRAWNIENIA,
	title={{S}tep 6: {C}reate and {E}mbed an {A}pplication {M}anifest ({UAC})},
	howpublished="\url{http://msdn.microsoft.com/en-us/library/windows/desktop/bb756929.aspx}"
}

% biblioteki

@misc{FEST_ASSERTIONS,
	title={{FEST}: {F}ixtures for {E}asy {S}oftware {T}esting},
	howpublished="\url{http://fest.easytesting.org}"
}

@misc{MOCKITO,
	title={{M}ockito - simpler \& better mocking},
	howpublished="\url{http://code.google.com/p/mockito}"
}

@misc{GUAVA,
	title={guava-libraries - {G}uava: {G}oogle {C}ore {L}ibraries for {J}ava 1.6+},
	howpublished="\url{http://code.google.com/p/guava-libraries}"
}

@misc{JAXEN,
	title={jaxen: universal {J}ava {XP}ath engine - jaxen},
	howpublished="\url{http://jaxen.codehaus.org/}"
}